@misc{ raz1993,
       author = "Nobody Jr",
       title = "My Article",
       year = "2006" }

@misc{ jkca1995,
author = "Nobody Jr",
title = "My Article",
year = "2006" }