% Encoding: UTF-8

@Book{Raz1993,
  author    = {Samuel Raz},
  title     = {Flat Knitting Technology},
  year      = {1993},
  publisher = {Druck Repo Verlag},
  location  = {Heidenheim},
}

@Electronic{JKCA1995,
  author  = {Japan Knitting Certificate Association},
  title   = {JIS L 0201-1995: Letter symbols for knitting stitch. Standard booklet},
  year    = {1995},
  url     = {http://www.webstore.jsa.or.jp/webstore/Com/FlowControl.jsp?lang=en&bunsyoId=JIS+L+0201%3A1995&dantaiCd=JIS&status=1&pageNo=0},
  month   = {11},
  urldate = {2016-04-04},
}

@Online{androiddef,
  author  = {{Android Developers}},
  title   = {Android, the world's most popular mobile platform},
  url     = {https://developer.android.com/about/android.html},
  urldate = {2016-08-09},
}

@Online{androidstudio,
  author  = {{Android Developers}},
  title   = {Meet Android Studio},
  url     = {https://developer.android.com/studio/intro/index.html},
  urldate = {2016-08-09},
}

@Online{androidreference,
  author  = {{Android Developers}},
  title   = {Package Index},
  url     = {https://developer.android.com/reference/packages.html},
  urldate = {2016-08-09},
}

@Online{androidtraining,
  author  = {{Android Developers}},
  title   = {Getting Started},
  url     = {https://developer.android.com/training/index.html},
  urldate = {2016-08-09},
}

@Online{androidguides,
  author  = {{Android Developers}},
  title   = {Introduction to Android},
  url     = {https://developer.android.com/guide/index.html},
  urldate = {2016-08-09},
}

@Online{androidfragment,
  author  = {{Android Developers}},
  title   = {Fragments},
  url     = {https://developer.android.com/guide/components/fragments.html},
  urldate = {2016-08-09},
}

@Online{actionbar,
  author  = {{Android Developers}},
  title   = {Action Bar},
  url     = {https://developer.android.com/design/patterns/actionbar.html},
  urldate = {2016-08-09},
}

@Online{activities_in_app,
  author  = {{Android Developers}},
  title   = {Activities},
  url     = {https://developer.android.com/guide/components/activities.html},
  urldate = {2016-08-09},
}

@Online{fragment_event_callback,
  author  = {{Android Developers}},
  title   = {Creating event callbacks to the activity},
  url     = {https://developer.android.com/guide/components/fragments.html#EventCallbacks},
  urldate = {2016-08-09},
}

@Comment{jabref-meta: databaseType:biblatex;}

