%% This BibTeX bibliography file was created using BibDesk.
%% http://bibdesk.sourceforge.net/

%% Created for Nadine Kost at 2016-01-11 23:30:57 +0100 


%% Saved with string encoding Unicode (UTF-8) 


@electronic{wollan2011,
	Author = {Malia Wollan},
	Lastchecked = {2016-01-11},
    Addendum = {last accessed: 2016-01-11},
	Title = {Graffiti's Cozy, Feminine Side},
	Url = {http://www.nytimes.com/2011/05/19/fashion/creating-graffiti-with-yarn.html},
	Month = may,
    Day = {18},
	Year = {2011}}

@electronic{telegraph2009,
	Author = {{The Telegraph}},
	Lastchecked = {2016-01-11},
    Addendum = {last accessed: 2016-01-11},
	Title = {Knitters turn to graffiti artists with 'yarnbombing'},
	Url = {http://www.telegraph.co.uk/news/uknews/4305406/Knitters-turn-to-graffiti-artists-with-yarnbombing.html},
	Month = jan,
    Day = {21},
	Year = {2009}}

@electronic{plocek2005,
	Author = {Keith Plocek},
	Lastchecked = {2016-01-11},
    Addendum = {last accessed: 2016-01-11},
	Title = {Knitta, Please!},
	Url = {http://www.houstonpress.com/news/knitta-please-6547197},
	Month = dec,
    Day = {15},
	Year = {2005}}

@electronic{elgin2005,
	Author = {Ben Elgin},
	Journal = {Business Week},
	Lastchecked = {2016-01-06},
    Addendum = {last accessed: 2016-01-06},
	Title = {Google Buys Android for Its Mobile Arsenal},
	Url = {http://www.webcitation.org/5wk7sIvVb},
	Month = aug,
    Day = {17},
	Year = {2005}}

@electronic{oha2007,
	Author = {{Open Handset Alliance}},
	Lastchecked = {2016-01-06},
    Addendum = {last accessed: 2016-01-06},
    Title = {Industry Leaders Announce Open Platform for Mobile Devices},
    Url = {http://www.openhandsetalliance.com/press_110507.html},
	Year = {2007},
    Day = {5},
	Month = nov}

@electronic{ifould2015,
	Author = {Rosie Ifould},
	Journal = {The Guardian},
	Lastchecked = {2016-01-12},
    Addendum = {last accessed: 2016-01-12},
	Title = {How wool got cool - From faux taxidermy to yarn bombing, a new generation has turned knitting into a radical art form},
	Url = {http://www.theguardian.com/lifeandstyle/2015/oct/08/how-wool-knitting-cool-faux-taxidermy-graffiti},
	Month = oct,
	Year = {2015},
    Day = {08}}
    
    @online{projectview,
	Author = {{Android Developers}},
	Lastchecked = {2016-02-14},
    Addendum = {last accessed: 2016-01-14},
    Title = {Using the Android Project View},
    Url = {http://developer.android.com/sdk/installing/studio-androidview.html},
	Year = {}
    }
    
 @electronic{androidstudio1,
	Author = {Ducrohet, X. and Norbye, T. and Chou, K.},
	Lastchecked = {2016-01-15},
    Addendum = {last accessed: 2016-01-15},
    Title = {Android Studio: An IDE built for Android},
    Url = {http://android-developers.blogspot.in/2013/05/android-studio-ide-built-for-android.html},
	Year = {2013},
    Month = may,
    Day = {15}
    }  

 @electronic{androidstudio2,
	Author = {Jamal Eason},
	Lastchecked = {2016-01-15},
    Addendum = {last accessed: 2016-01-15},
    Title = {Android Studio 1.0},
    Url = {http://android-developers.blogspot.de/2014/12/android-studio-10.html},
	Year = {2014},
    Month = dec,
    Day = {08}
    } 

 @online{usabilitygov,
	Author = {{Usability.gov}},
	Lastchecked = {2016-01-20},
    Addendum = {last accessed: 2016-01-20},
    Title = {Scenarios},
    Url = {http://www.usability.gov/how-to-and-tools/methods/scenarios.html},
	Year = {}
    } 
    
     @online{marketshare,
	Author = {{Kantar Worldpanel}},
	Lastchecked = {2016-02-08},
    Addendum = {last accessed: 2016-02-08},
    Title = {Smart Phone OS sales market share},
    Url = {http://www.kantarworldpanel.com/global/smartphone-os-market-share/},
	Year = {}
    } 

	@electronic{mvpandroid,
	Author = {Piotr Ziomacki},
	Lastchecked = {2016-02-09},
    Addendum = {last accessed: 2016-02-09},
    Title = {Model-View-Presenter Architecture in Android Applications},
    Url = {http://macoscope.com/blog/model-view-presenter-architecture-in-android-applications/},
	Year = {2016},
    Month = jan,
    Day = {14}
    } 
    
    @online{app_bar,
	Author = {{Google Material Design Guidelines}},
	Lastchecked = {2016-02-16},
    Addendum = {last accessed: 2016-02-16},
    Title = {App bar},
    Url = {https://www.google.com/design/spec/layout/structure.html#structure-app-bar},
	Year = {},
    }
    
    @online{codelab,
	Author = {{Android Testing Codelab}},
	Lastchecked = {2016-02-17},
    Addendum = {last accessed: 2016-02-17},
    Title = {MVP in practice},
    Url = {https://codelabs.developers.google.com/codelabs/android-testing/index.html?index=..%2F..%2Findex#4},
	Year = {},
    }
    
    @electronic{hamilton2013,
	Author = {Anita Hamilton},
	Lastchecked = {2016-02-25},
    Addendum = {last accessed: 2016-02-25},
    Title = {Pittsburgh Bridge Gets a `Yarn Bomb' Makeover},
    Url = {http://newsfeed.time.com/2013/08/13/pittsburgh-bridge-gets-a-yarn-bomb-makeover/},
	Year = {2013},
    Month = aug,
    Day = {13}
    } 
    
     @electronic{tiobe2016,
	Author = {{TIOBE Software BV}},
	Lastchecked = {2016-02-25},
    Addendum = {last accessed: 2016-02-25},
    Title = {TIOBE Index for February 2016},
    Url = {http://www.tiobe.com/tiobe_index},
	Year = {2016},
    Month = feb,
    Day = {}
    } 
    
    @electronic{carlon2016,
	Author = {Kris Carlon},
	Lastchecked = {2016-02-25},
    Addendum = {last accessed: 2016-02-25},
    Title = {Android 6.0 Marshmallow: all the key features explained},
    Url = {https://www.androidpit.com/android-m-release-date-news-features-name},
	Year = {2016},
    Month = feb,
    Day = {11}
    } 
    
   @electronic{ricau2014,
	Author = {Pierre-Yves Ricau},
	Lastchecked = {2016-02-25},
    Addendum = {last accessed: 2016-02-25},
    Title = {Advocating Against Android Fragments},
    Url = {https://corner.squareup.com/2014/10/advocating-against-android-fragments.html},
	Year = {2014},
    Month = oct,
    Day = {08}
    } 
    
 @electronic{bnr2013,
	Author = {{Big Nerd Ranch}},
	Lastchecked = {2016-02-25},
    Addendum = {last accessed: 2016-02-25},
    Title = {Ask Big Nerd Ranch: Why do Fragments Matter in Android Application Development?},
    Url = {http://www.informit.com/articles/article.aspx?p=2126865},
	Year = {2013},
    Month = aug,
    Day = {13}
    } 
    
    @electronic{achin2014,
	Author = {{Achin}},
	Lastchecked = {2016-02-25},
    Addendum = {last accessed: 2016-02-25},
    Title = {Advocating Fragment Oriented Applications in Android},
    Url = {http://vinsol.com/blog/2014/09/15/advocating-fragment-oriented-applications-in-android/},
	Year = {2014},
    Month = sep,
    Day = {15}
    } 
    
    @online{activity,
	Author = {{Android Developers}},
	Lastchecked = {2016-02-25},
    Addendum = {last accessed: 2016-02-25},
    Title = {Activities},
    Url = {http://developer.android.com/guide/components/activities.html},
	Year = {},
    }
    
    @online{fragment,
	Author = {{Android Developers}},
	Lastchecked = {2016-02-25},
    Addendum = {last accessed: 2016-02-25},
    Title = {Fragments},
    Url = {http://developer.android.com/guide/components/fragments.html},
	Year = {},
    }
    
    @online{intent,
	Author = {{Android Developers}},
	Lastchecked = {2016-02-25},
    Addendum = {last accessed: 2016-02-25},
    Title = {Intents and Intent Filters},
    Url = {http://developer.android.com/guide/components/intents-filters.html},
	Year = {},
    }
    
    @online{manifest,
	Author = {{Android Developers}},
	Lastchecked = {2016-02-25},
    Addendum = {last accessed: 2016-02-25},
    Title = {App Manifest},
    Url = {http://developer.android.com/guide/topics/manifest/manifest-intro.html},
	Year = {},
    }
    
    @online{gradle,
	Author = {{Android Developers}},
	Lastchecked = {2016-02-25},
    Addendum = {last accessed: 2016-02-25},
    Title = {Android Plugin for Gradle},
    Url = {http://developer.android.com/tools/building/plugin-for-gradle.html},
	Year = {},
    }
    
    @online{resources,
	Author = {{Android Developers}},
	Lastchecked = {2016-02-25},
    Addendum = {last accessed: 2016-02-25},
    Title = {Resources Overview},
    Url = {http://developer.android.com/guide/topics/resources/overview.html},
	Year = {},
    }
    
    @online{resources2,
	Author = {{Android Developers}},
	Lastchecked = {2016-02-25},
    Addendum = {last accessed: 2016-02-25},
    Title = {Providing Resources},
    Url = {http://developer.android.com/guide/topics/resources/providing-resources.html},
	Year = {},
    }
    
    @online{layout_res,
	Author = {{Android Developers}},
	Lastchecked = {2016-02-25},
    Addendum = {last accessed: 2016-02-25},
    Title = {Layout Resource},
    Url = {http://developer.android.com/guide/topics/resources/layout-resource.html},
	Year = {},
    }
    
    
@online{drawable_res,
	Author = {{Android Developers}},
	Lastchecked = {2016-01-14},
    Addendum = {last accessed: 2016-01-14},
    Title = {Drawable Resources},
    Url = {http://developer.android.com/guide/topics/resources/drawable-resource.html},
	Year = {}
    }
    
    @online{menu_res,
	Author = {{Android Developers}},
	Lastchecked = {2016-02-25},
    Addendum = {last accessed: 2016-02-25},
    Title = {Menu Resource},
    Url = {http://developer.android.com/guide/topics/resources/menu-resource.html},
	Year = {},
    }
    
    @online{string_res,
	Author = {{Android Developers}},
	Lastchecked = {2016-02-25},
    Addendum = {last accessed: 2016-02-25},
    Title = {String Resources},
    Url = {http://developer.android.com/guide/topics/resources/string-resource.html},
	Year = {},
    }
    
    @online{color_res,
	Author = {{Android Developers}},
	Lastchecked = {2016-02-25},
    Addendum = {last accessed: 2016-02-25},
    Title = {Color},
    Url = {http://developer.android.com/guide/topics/resources/more-resources.html#Color},
	Year = {},
    }
    
    @online{dimension_res,
	Author = {{Android Developers}},
	Lastchecked = {2016-02-25},
    Addendum = {last accessed: 2016-02-25},
    Title = {Dimension},
    Url = {http://developer.android.com/guide/topics/resources/more-resources.html#Dimension},
	Year = {},
    }
    
    @online{style_res,
	Author = {{Android Developers}},
	Lastchecked = {2016-02-25},
    Addendum = {last accessed: 2016-02-25},
    Title = {Style Resource},
    Url = {http://developer.android.com/guide/topics/resources/style-resource.html},
	Year = {},
    }
    
    
    
    
    
    
    